@techreport{SLSQP,
    title = {{A software package for sequential quadratic programming}},
    year = {1988},
    author = {Kraft, Dieter},
    institution = {DLR German Aerospace Center — Institute for Flight Mechanics},
    address = {Koln, Germany}
}

@article{L-BFGS-B,
    title = {{Algorithm 778: L-BFGS-B: Fortran Subroutines for Large-Scale Bound-Constrained Optimization}},
    year = {1997},
    journal = {ACM Transactions on Mathematical Software},
    author = {Zhu, Ciyou and Byrd, Richard H and Lu, Peihuang and Nocedal, Jorge},
    number = {4},
    month = {12},
    pages = {550--560},
    volume = {23},
    doi = {10.1145/279232.279236},
    keywords = {D32 [Programming Languages]: Language Classifica-tions-Fortran 77, G16 [Numerical Analysis]: Optimization-gradient methods, G4 [Mathematics of Computing]: Mathematical Software General Terms: Algorithms Additional Key Words and Phrases: Large-scale optimization, limited-memory method, nonlin-ear optimization, variable metric method}
}

@article{Yang2022ABehavior,
    title = {{A combined deep learning load forecasting model of single household resident user considering multi-time scale electricity consumption behavior}},
    year = {2022},
    journal = {Applied Energy},
    author = {Yang, Wangwang and Shi, Jing and Li, Shujian and Song, Zhaofang and Zhang, Zitong and Chen, Zexu},
    month = {2},
    pages = {118197},
    volume = {307},
    publisher = {Elsevier},
    doi = {10.1016/J.APENERGY.2021.118197},
    issn = {0306-2619},
    keywords = {Back propagation neural network, Combined load forecasting, Electricity consumption behavior analysis, Extreme gradient boosting, Long short-term memory, Mutual information}
}

@article{Mitrea2009AStudy,
    title = {{A comparison between neural networks and traditional forecasting methods: A case study}},
    year = {2009},
    journal = {International Journal of Engineering Business Management},
    author = {Mitrea, C. A. and Lee, C. K.M. and Wu, Z.},
    number = {2},
    month = {9},
    pages = {19--24},
    volume = {1},
    publisher = {SAGE Publications Inc.},
    url = {https://journals.sagepub.com/doi/full/10.5772/6777},
    doi = {10.5772/6777/ASSET/IMAGES/LARGE/10.5772{\_}6777-FIG2.JPEG},
    issn = {18479790},
    keywords = {ARIMA, Forecasting, Inventory, Neural Networks, Safety Stock}
}

@article{Specht1991ANetwork,
    title = {{A General Regression Neural Network}},
    year = {1991},
    journal = {IEEE Transactions on Neural networks},
    author = {Specht, Donald F},
    number = {6},
    pages = {568--576},
    volume = {2}
}

@article{Peng2014APractice,
    title = {{A meta-analysis of international tourism demand forecasting and implications for practice}},
    year = {2014},
    journal = {Tourism Management},
    author = {Peng, Bo and Song, Haiyan and Crouch, Geoffrey I},
    pages = {181--193},
    volume = {45},
    url = {http://dx.doi.org/10.1016/j.tourman.2014.04.005},
    doi = {10.1016/j.tourman.2014.04.005},
    keywords = {Forecasting accuracy, International tourism demand, Meta-analysis}
}

@article{Kalman1960AProblems,
    title = {{A New Approach to Linear Filtering and Prediction Problems}},
    year = {1960},
    journal = {Journal of Basic Engineering},
    author = {Kalman, R. E.},
    number = {1},
    month = {3},
    pages = {35--45},
    volume = {82},
    publisher = {American Society of Mechanical Engineers Digital Collection},
    url = {https://asmedigitalcollection.asme.org/fluidsengineering/article/82/1/35/397706/A-New-Approach-to-Linear-Filtering-and-Prediction},
    doi = {10.1115/1.3662552},
    issn = {0021-9223},
    keywords = {Dynamic systems, Errors, Statistics, Stochastic processes}
}

@article{Shcherbakov2013AMeasures,
    title = {{A survey of forecast error measures}},
    year = {2013},
    journal = {World Applied Scienes Journal},
    author = {Shcherbakov, Maxim and Tyukov, Anton},
    pages = {171--176},
    volume = {24},
    url = {https://www.researchgate.net/publication/281718517},
    doi = {10.5829/idosi.wasj.2013.24.itmies.80032},
    issn = {1818-4952}
}

@article{Siddikur2022AccuracyBangladesh,
    title = {{Accuracy comparison of ARIMA and XGBoost forecasting models in predicting the incidence of COVID-19 in Bangladesh}},
    year = {2022},
    journal = {PLOS Global Public Health},
    author = {Siddikur, Md and Id, Rahman and Hossain, Arman and Id ☯, Chowdhury and Amrin, Miftahuzzannat},
    number = {5},
    month = {5},
    pages = {e0000495},
    volume = {2},
    publisher = {Public Library of Science},
    url = {https://journals.plos.org/globalpublichealth/article?id=10.1371/journal.pgph.0000495},
    isbn = {1111111111},
    doi = {10.1371/JOURNAL.PGPH.0000495},
    issn = {2767-3375},
    keywords = {Bangladesh, COVID 19, Forecasting, Machine learning, Mathematical functions, Public and occupational health, Seasons, Virus testing}
}

@article{Zohar2002AdaptiveSupport,
    title = {{Adaptive behavior of impatient customers in tele-queues: Theory and empirical support}},
    year = {2002},
    journal = {Management Science},
    author = {Zohar, Ety and Mandelbaum, Avishai and Shimkin, Nahum},
    number = {4},
    pages = {566--583},
    volume = {48},
    publisher = {INFORMS Inst.for Operations Res.and the Management Sciences},
    doi = {10.1287/MNSC.48.4.566.211},
    issn = {00251909},
    keywords = {Abandonment, Adaptive Customer Behavior, Call Centers, Exponential Queues, Invisible Queues, Tele-Queues, Tele-Services}
}

@article{Stern2013AnthropogenicChange,
    title = {{Anthropogenic and natural causes of climate change}},
    year = {2013},
    journal = {Climatic Change 2013 122:1},
    author = {Stern, David I. and Kaufmann, Robert K.},
    number = {1},
    month = {11},
    pages = {257--269},
    volume = {122},
    publisher = {Springer},
    url = {https://link.springer.com/article/10.1007/s10584-013-1007-x},
    doi = {10.1007/S10584-013-1007-X},
    issn = {1573-1480},
    keywords = {Atmospheric Sciences, Climate Change/Climate Change Impacts}
}

@article{Stolletz2011ArticleManagement,
    title = {{Article in Manufacturing {\&} Service Operations Management}},
    year = {2011},
    author = {Stolletz, Raik and Roubos, Alex and Koole, Ger},
    url = {https://www.researchgate.net/publication/228936600},
    doi = {10.1287/msom.1120.0382},
    keywords = {call centers, normal distribution, service level, simulations, staang}
}

@article{Knight2000AsymptoticsEstimators,
    title = {{Asymptotics for lasso-type estimators}},
    year = {2000},
    journal = {The Annals of Statistics},
    author = {Knight, Keith and Fu, Wenjiang},
    number = {5},
    month = {10},
    pages = {1356--1378},
    volume = {28},
    publisher = {Institute of Mathematical Statistics},
    url = {https://projecteuclid.org/journals/annals-of-statistics/volume-28/issue-5/Asymptotics-for-lasso-type-estimators/10.1214/aos/1015957397.full https://projecteuclid.org/journals/annals-of-statistics/volume-28/issue-5/Asymptotics-for-lasso-type-estimators/10.1214/aos/1015957397.short},
    doi = {10.1214/AOS/1015957397},
    issn = {0090-5364},
    keywords = {60F05, 62E20, 62J05, 62J07, Lasso, epi-convergence in distribution, penalized regression, shrinkage estimation}
}

@article{Engle1987Co-IntegrationTesting,
    title = {{Co-Integration and Error Correction: Representation, Estimation, and Testing}},
    year = {1987},
    journal = {Econometrica},
    author = {Engle, Robert F and Granger, C W J},
    number = {2},
    pages = {251--276},
    volume = {55},
    url = {https://about.jstor.org/terms},
    doi = {https://doi.org/10.2307/1913236}
}

@article{Stock2004CombinationSet,
    title = {{Combination forecasts of output growth in a seven-country data set}},
    year = {2004},
    journal = {Journal of Forecasting},
    author = {Stock, James H. and Watson, Mark W.},
    number = {6},
    pages = {405--430},
    volume = {23},
    publisher = {John Wiley and Sons Ltd},
    doi = {10.1002/for.928},
    issn = {0277-6693},
    keywords = {Forecast pooling, High-dimensional forecasting, Macroeconomic forecasting, Time-varying parameters}
}

@article{Andrawis2011CombinationForecasting,
    title = {{Combination of long term and short term forecasts, with application to tourism demand forecasting}},
    year = {2011},
    journal = {International Journal of Forecasting},
    author = {Andrawis, Robert R and Atiya, Amir F and El-Shishiny, Hisham},
    number = {3},
    pages = {870--886},
    volume = {27},
    url = {www.elsevier.com/locate/ijforecast},
    doi = {10.1016/j.ijforecast.2010.05.019},
    keywords = {Bayesian forecasting, Exponential smoothing, Forecast combination, Forecasting tourism in Egypt, Holt's model, Time series forecasting, Tourism demand, Tourism forecasting}
}

@article{Yang2004CombiningResults,
    title = {{Combining forecast procedures: some theoretical results}},
    year = {2004},
    journal = {Econometric Theory},
    author = {Yang, Yuhong},
    number = {1},
    month = {2},
    pages = {176--222},
    volume = {20},
    publisher = {Cambridge University Press},
    url = {https://www.cambridge.org/core/journals/econometric-theory/article/abs/combining-forecasting-procedures-some-theoretical-results/42A92E2137102421030994FEC382040C},
    doi = {10.1017/S0266466604201086},
    issn = {1469-4360}
}

@article{Amstrong2001CombiningForecasts,
    title = {{Combining Forecasts}},
    year = {2001},
    journal = {Principles of Forecasting},
    author = {Amstrong, J. Scott},
    pages = {417--439},
    url = {https://sci-hub.se/https://doi.org/10.1007/978-0-306-47630-3_19}
}

@article{Comrie2012ComparingForecasting,
    title = {{Comparing Neural Networks and Regression Models for Ozone Forecasting}},
    year = {2012},
    journal = {http://dx.doi.org/10.1080/10473289.1997.10463925},
    author = {Comrie, Andrew C.},
    number = {6},
    month = {6},
    pages = {653--663},
    volume = {47},
    publisher = { Taylor {\&} Francis Group },
    url = {https://www.tandfonline.com/doi/abs/10.1080/10473289.1997.10463925},
    doi = {10.1080/10473289.1997.10463925},
    issn = {21622906}
}

@article{Diebold1995ComparingAccuracy,
    title = {{Comparing Predictive Accuracy}},
    year = {1995},
    journal = {Journal of Business {\&} Economic Statistics},
    author = {Diebold, Francis X. and Mariano, Roberto S.},
    number = {3},
    month = {7},
    pages = {253},
    volume = {13},
    publisher = {JSTOR},
    doi = {10.2307/1392185},
    issn = {07350015}
}

@article{Alim2020ComparisonStudy,
    title = {{Comparison of ARIMA model and XGBoost model for prediction of human brucellosis in mainland China: a time-series study}},
    year = {2020},
    journal = {BMJ Open},
    author = {Alim, Mirxat and Ye, Guo Hua and Guan, Peng and Huang, De Sheng and Zhou, Bao Sen and Wu, Wei},
    number = {12},
    month = {12},
    pages = {e039676},
    volume = {10},
    publisher = {British Medical Journal Publishing Group},
    url = {https://bmjopen.bmj.com/content/10/12/e039676 https://bmjopen.bmj.com/content/10/12/e039676.abstract},
    doi = {10.1136/BMJOPEN-2020-039676},
    issn = {2044-6055},
    pmid = {33293308},
    keywords = {epidemiology, public health}
}

@article{Papacharalampous2019ComparisonProcesses,
    title = {{Comparison of stochastic and machine learning methods for multi-step ahead forecasting of hydrological processes}},
    year = {2019},
    journal = {Stochastic Environmental Research and Risk Assessment},
    author = {Papacharalampous, Georgia and Tyralis, Hristos and Koutsoyiannis, Demetris},
    number = {2},
    month = {1},
    pages = {481--514},
    volume = {33},
    publisher = {Springer},
    url = {https://link.springer.com/article/10.1007/s00477-018-1638-6},
    doi = {10.1007/S00477-018-1638-6},
    issn = {1436-3259},
    keywords = {Chemistry and Earth Sciences, Computational Intelligence, Computer Science, Earth Sciences, Math. Appl. in Environmental Science, Physics, Probability Theory and Stochastic Processes, Statistics for Engineering, Waste Water Technology / Water Pollution Control / Water Management / Aquatic Pollution, general}
}

@article{Hwang2016CrossAcceleration,
    title = {{Cross validation in LASSO and its acceleration}},
    year = {2016},
    journal = {Journal of Statistical Mechanics: Theory and Experiment},
    author = {Hwang, Han-Jeong and Hahne, Mathias and M{\"{u}}ller, Klaus- Robert and Obuchi, Tomoyuki and Kabashima, Yoshiyuki},
    number = {},
    month = {5},
    pages = {053304},
    volume = {},
    publisher = {IOP Publishing},
    url = {https://iopscience.iop.org/article/10.1088/1742-5468/2016/05/053304 https://iopscience.iop.org/article/10.1088/1742-5468/2016/05/053304/meta},
    doi = {10.1088/1742-5468/2016/05/053304},
    issn = {1742-5468},
    arxivId = {1601.00881},
    keywords = {Learning theory, Message-passing algorithms, Statistical inference, statistical inference PAPER: Disordered systems}
}

@article{BrejlaDeutscheFerientermine,
    title = {{Deutsche Ferientermine}},
    journal = {https://ferien-api.de/ accessed at 23/11/2022},
    author = {Brejla, Paul},
    month = {11},
    url = {https://ferien-api.de/},
    doi = {https://ferien-api.de/ accessed at 23-11-2022}
}

@article{Chevillon2007DirectForecasting,
    title = {{Direct Multi-Step Estimation and Forecasting}},
    year = {2007},
    journal = {Journal of Economic Surveys},
    author = {Chevillon, Guillaume},
    number = {4},
    month = {9},
    pages = {746--785},
    volume = {21},
    url = {https://onlinelibrary.wiley.com/doi/10.1111/j.1467-6419.2007.00518.x},
    doi = {10.1111/j.1467-6419.2007.00518.x},
    issn = {0950-0804},
    keywords = {Adaptive estimation, Multi-step forecasting, Non-stationarity, Struc-tural breaks, Varying horizon}
}

@article{Cawley2003EEcientClassifiers,
    title = {{EEcient leave-one-out cross-validation of kernel Fisher discriminant classifiers}},
    year = {2003},
    journal = {Pattern Recognition},
    author = {Cawley, Gavin C and Talbot, Nicola L C},
    number = {11},
    pages = {2585--2592},
    volume = {36},
    url = {www.elsevier.com/locate/patcog},
    doi = {10.1016/S0031-3203(03)00136-5},
    keywords = {Cross-validation, Kernel Fisher discriminant analysis, Model selection}
}

@article{Rafael2019EvaluationModel,
    title = {{Evaluation of statistical and machine learning models for time series prediction: Identifying the state-of-the-art and the best conditions for the use of each model}},
    year = {2019},
    journal = {Information Sciences},
    author = {Rafael, Antonio and Parmezan, Sabino and Souza, Vinicius M A and Batista, Gustavo E A P A},
    pages = {302--337},
    volume = {484},
    url = {https://doi.org/10.1016/j.ins.2019.01.076},
    doi = {10.1016/j.ins.2019.01.076},
    keywords = {Automatic parameter tuning, Data mining, Multi-step-ahead prediction, Time series forecasting, Univariate analysis}
}

@article{Alon2001ForecastingMethods,
    title = {{Forecasting aggregate retail sales:: a comparison of artificial neural networks and traditional methods}},
    year = {2001},
    journal = {Journal of Retailing and Consumer Services},
    author = {Alon, Ilan and Qi, Min and Sadowski, Robert J.},
    number = {3},
    month = {5},
    pages = {147--156},
    volume = {8},
    publisher = {Pergamon},
    doi = {10.1016/S0969-6989(00)00011-4},
    issn = {0969-6989}
}

@article{Ringwood2001ForecastingNetworks,
    title = {{Forecasting Electricity Demand on Short, Medium and Long Time Scales Using Neural Networks}},
    year = {2001},
    journal = {Journal of Intelligent and Robotic Systems 2001 31:1},
    author = {Ringwood, J. V. and Bofelli, D. and Murray, F. T.},
    number = {1},
    month = {5},
    pages = {129--147},
    volume = {31},
    publisher = {Springer},
    url = {https://link-springer-com.vu-nl.idm.oclc.org/article/10.1023/A:1012046824237},
    doi = {10.1023/A:1012046824237},
    issn = {1573-0409},
    keywords = {Artificial Intelligence, Control, Electrical Engineering, Mechanical Engineering, Mechatronics, Robotics}
}

@article{Davis1998HowSatisfaction,
    title = {{How disconfirmation, perception and actual waiting times impact customer satisfaction}},
    year = {1998},
    journal = {International Journal of Service Industry Management},
    author = {Davis, Mark M and Heineke, Janelle},
    number = {1},
    month = {3},
    pages = {64--73},
    volume = {9},
    doi = {10.1108/09564239810199950},
    issn = {0956-4233}
}

@article{Adya1998HowEvaluation,
    title = {{How Effective are Neural Networks at Forecasting and Prediction? A Review and Evaluation}},
    year = {1998},
    journal = {Journal of Forecasting},
    author = {Adya, Monica and Collopy, Fred},
    pages = {481--495},
    volume = {17},
    doi = {10.1002/(SICI)1099-131X(1998090)17:5/6<481::AID-FOR709>3.0.CO;2-Q},
    keywords = {arti{\textregistered}cial intelligence, machine learning, validation}
}

@article{Liu2017InfluenceCenters,
    title = {{Influence of waiting times on customer loyalty and queueing behavior in call centers}},
    year = {2017},
    journal = {Proceedings of the 29th Chinese Control and Decision Conference, CCDC 2017},
    author = {Liu, Shu An and Gong, Jun and Ma, Luping and Yu, Miao},
    month = {7},
    pages = {1130--1134},
    publisher = {Institute of Electrical and Electronics Engineers Inc.},
    isbn = {9781509046560},
    doi = {10.1109/CCDC.2017.7978688},
    keywords = {Call Center, Consumption Behavior, Customer Satisfaction, Queueing System}
}

@book{Kirchgassner2013IntroductionAnalysis,
    title = {{Introduction to Modern Time Series Analysis}},
    year = {2013},
    author = {Kirchg{\"{a}}ssner, Gebhard and Wolters, Jürgen and Hassler, Uwe},
    publisher = {Springer Berlin Heidelberg},
    address = {Berlin, Heidelberg},
    isbn = {978-3-642-33435-1},
    doi = {10.1007/978-3-642-33436-8}
}

@article{Duan2021LearningForecasting,
    title = {{Learning to Rank for Multi-Step Ahead Time-Series Forecasting}},
    year = {2021},
    journal = {IEEE Access},
    author = {Duan, Jiuding and Kashima, Hisashi},
    pages = {49372--49386},
    volume = {9},
    url = {https://ieeexplore.ieee.org/document/9386071/},
    doi = {10.1109/ACCESS.2021.3068895},
    issn = {2169-3536},
    keywords = {INDEX TERMS Ranking estimation, asset pricing, concordance index, investment strategy, multi-step forecasting, time series}
}

@article{Zhou2003LookingBehind,
    title = {{Looking Back: Exploring the Psychology of Queuing and the Effect of the Number of People Behind}},
    year = {2003},
    journal = {Journal of Customer Research},
    author = {Zhou, Rongrong and Soman, Dilip},
    number = {4},
    volume = {29},
    url = {https://academic.oup.com/jcr/article/29/4/517/1791026}
}

@article{Masini2021MachineForecasting,
    title = {{Machine Learning Advances for Time Series Forecasting}},
    year = {2021},
    author = {Masini, Ricardo P and Medeiros, Marcelo C and Mendes, Eduardo F},
    arxivId = {2012.12802v3},
    keywords = {Machine learning, bagging, boosting, deep learning, forecasting, neural networks, nonlinear models, penalized regressions, random forests, regression trees, regular-ization, sieve approximation, statistical learning theory}
}

@article{Crane-Droesch2018MachineAgriculture,
    title = {{Machine learning methods for crop yield prediction and climate change impact assessment in agriculture}},
    year = {2018},
    journal = {Environmental Research Letters},
    author = {Crane-Droesch, Andrew},
    number = {11},
    month = {10},
    volume = {13},
    publisher = {Institute of Physics Publishing},
    doi = {10.1088/1748-9326/aae159},
    issn = {17489326},
    keywords = {agriculture, climate change impacts, machine learning}
}

@article{Pavlyshenko2019Machine-LearningForecasting,
    title = {{Machine-Learning Models for Sales Time Series Forecasting}},
    year = {2019},
    journal = {Data 2019, Vol. 4, Page 15},
    author = {Pavlyshenko, Bohdan M.},
    number = {1},
    month = {1},
    pages = {15},
    volume = {4},
    publisher = {Multidisciplinary Digital Publishing Institute},
    url = {https://www.mdpi.com/2306-5729/4/1/15/htm https://www.mdpi.com/2306-5729/4/1/15},
    doi = {10.3390/DATA4010015},
    issn = {2306-5729},
    keywords = {forecasting, machine learning, regression, sales, stacking, time series}
}

@article{Lu2013MeasuringPurchases,
    title = {{Measuring the Effect of Queues on Customer Purchases}},
    year = {2013},
    journal = {Management Science},
    author = {Lu, Yina and Musalem, Andrés and Olivares, Marcelo and Schilkrut, Ariel},
    number = {8},
    month = {4},
    pages = {1743--1763},
    volume = {59},
    publisher = { INFORMS },
    url = {https://pubsonline.informs.org/doi/abs/10.1287/mnsc.1120.1686},
    doi = {10.1287/MNSC.1120.1686},
    issn = {00251909},
    keywords = {Bayesian estimation, choice modeling, empirical operations management, operations/marketing interface, queuing, retail, service operations, service quality}
}

@article{Engle1989MergingForecasting,
    title = {{Merging short-and long-run forecasts: An application of seasonal cointegration to monthly electricity sales forecasting}},
    year = {1989},
    journal = {Journal of Econometrics},
    author = {Engle, R. F. and Granger, C. W.J. and Hallman, J. J.},
    number = {1},
    month = {1},
    pages = {45--62},
    volume = {40},
    publisher = {North-Holland},
    doi = {10.1016/0304-4076(89)90029-8},
    issn = {0304-4076}
}

@article{Li2021ML3Adults,
    title = {{ML3 LASSO (Least Absolute Shrinkage and Selection Operator) and XGBoost (eXtreme Gradient Boosting) Models for Predicting Depression-Related Work Impairment in US Working Adults}},
    year = {2021},
    journal = {Value in Health},
    author = {Li, V. and Costantino, H. and Rowland, J. and Yue, L. and Gupta, S.},
    month = {6},
    pages = {S11},
    volume = {24},
    publisher = {Elsevier BV},
    url = {http://www.valueinhealthjournal.com/article/S1098301521002746/fulltext http://www.valueinhealthjournal.com/article/S1098301521002746/abstract https://www.valueinhealthjournal.com/article/S1098-3015(21)00274-6/abstract},
    doi = {10.1016/j.jval.2021.04.057},
    issn = {10983015}
}

@article{Ibrahim2016ModelingStudy,
    title = {{Modeling and forecasting call center arrivals: a literature survey and a case study}},
    year = {2016},
    journal = {International Journal of Forecasting},
    author = {Ibrahim, Rouba and Ye, Han and L'ecuyer, Pierre and Shen, Haipeng},
    number = {3},
    pages = {865--874},
    volume = {32},
    url = {http://www.elsevier.com/open-access/userlicense/1.0/},
    doi = {https://doi.org/10.1016/j.ijforecast.2015.11.012.},
    issn = {0169-2070},
    keywords = {ARIMA, Bayesian, Call center arrivals, Dependence, Dimension reduction, Doubly stochastic Poisson, Exponential smoothing, Fixed-effects, Forecasting, Marketing events, Mixed-effects, Seasonality, Time series}
}

@article{Chatfield1993NeuralFad,
    title = {{Neural networks: Forecasting breakthrough or passing fad?}},
    year = {1993},
    journal = {International Journal of Forecasting},
    author = {Chatfield, Chris},
    number = {1},
    month = {4},
    pages = {1--3},
    volume = {9},
    publisher = {Elsevier},
    doi = {10.1016/0169-2070(93)90043-M},
    issn = {0169-2070}
}

@article{Liu1989OnOptimalization,
    title = {{On the limited memory bfgs method for large scale optimalization}},
    year = {1989},
    journal = {Mathematical Programming},
    author = {Liu, Dong C and Nocedal, Jorge},
    pages = {503--528},
    volume = {45},
    keywords = {conjugate gradient method Abbreviated title: Limited memory BFGS, large scale nonlinear optimization, limited memory methods, partitioned quasi-Newton method}
}

@article{Kyung2010PenalizedLassos,
    title = {{Penalized Regression, Standard Errors, and Bayesian Lassos}},
    year = {2010},
    journal = {Bayesian Analysis},
    author = {Kyung, Minjung and Gill, Jeff and Ghosh, Malay and Casella, George},
    number = {2},
    pages = {369--412},
    volume = {5},
    url = {http://www.stat.ufl.edu/},
    doi = {10.1214/10-BA607},
    keywords = {Geometric Ergodicity, Gibbs Sampling, Hierarchical Models, Variable Selection}
}

@article{Ramos2015PerformanceForecasting,
    title = {{Performance of state space and ARIMA models for consumer retail sales forecasting}},
    year = {2015},
    author = {Ramos, Patrícia and Santos, Nicolau and Rebelo, Rui},
    url = {http://dx.doi.org/10.1016/j.rcim.2014.12.015},
    doi = {10.1016/j.rcim.2014.12.015},
    keywords = {ARIMA models, Aggregate retail sales, Forecast accuracy, State space models}
}

@article{Hafeez2013PlanningLevels,
    title = {{Planning human resource requirements to meet target customer service levels}},
    year = {2013},
    journal = {International Journal of Quality and Service Sciences},
    author = {Hafeez, Khalid and Aburawi, Izidean},
    number = {2},
    pages = {1756--669},
    volume = {5},
    publisher = {Emerald Group Publishing},
    url = {www.emeraldinsight.com/1756-669X.htm},
    isbn = {0420130020},
    doi = {10.1108/IJQSS-04-2013-0020},
    keywords = {Competences, Customer service management, Human resource management, Human resource planning, Recruitment, Scenario planning, Skills, Strategic planning, System dynamics}
}

@article{Scher2018PredictingLearning,
    title = {{Predicting weather forecast uncertainty with machine learning}},
    year = {2018},
    journal = {Quarterly Journal of the Royal Meteorological Society},
    author = {Scher, Sebastian and Messori, Gabriele},
    number = {717},
    month = {10},
    pages = {2830--2841},
    volume = {144},
    publisher = {John Wiley {\&} Sons, Ltd},
    url = {https://onlinelibrary-wiley-com.vu-nl.idm.oclc.org/doi/full/10.1002/qj.3410 https://onlinelibrary-wiley-com.vu-nl.idm.oclc.org/doi/abs/10.1002/qj.3410 https://rmets-onlinelibrary-wiley-com.vu-nl.idm.oclc.org/doi/10.1002/qj.3410},
    doi = {10.1002/QJ.3410},
    issn = {1477-870X},
    keywords = {ensembles, machine learning, statistical methods, weather forecasts}
}

@article{Sanders2009QuantifyingEnvironment,
    title = {{Quantifying costs of forecast errors: A case study of the warehouse environment}},
    year = {2009},
    journal = {Omega},
    author = {Sanders, Nada R. and Graman, Gregory A.},
    number = {1},
    month = {2},
    pages = {116--125},
    volume = {37},
    publisher = {Pergamon},
    doi = {10.1016/J.OMEGA.2006.10.004},
    issn = {0305-0483},
    keywords = {Case study, Forecast errors, Forecasting practice, Simulation, Warehouse operations}
}

@article{Tibshirani1996RegressionLasso,
    title = {{Regression Shrinkage and Selection via the Lasso}},
    year = {1996},
    journal = {Journal of the Royal Statistical Society. Series B (Methodological)},
    author = {Tibshirani, Robert},
    number = {1},
    pages = {267--288},
    volume = {58}
}

@article{DeCaro2020RobustHorizons,
    title = {{Robust Assessment of Short-Term Wind Power Forecasting Models on Multiple Time Horizons}},
    year = {2020},
    journal = {Technology and Economics of Smart Grids and Sustainable Energy},
    author = {De Caro, Fabrizio and De Stefani, Jacopo and Bontempi, Gianluca and Vaccaro, Alfredo and Villacci, Domenico},
    number = {1},
    month = {12},
    pages = {1--15},
    volume = {5},
    publisher = {Springer},
    url = {https://link.springer.com/article/10.1007/s40866-020-00090-8},
    doi = {10.1007/S40866-020-00090-8/FIGURES/8},
    issn = {21994706},
    keywords = {Ensemble Forecasting, Robust Forecasting, Wind Energy, Wind Power Forecasting}
}

@article{Pedregosa2011Scikit-learn:Python,
    title = {{Scikit-learn: Machine Learning in Python}},
    year = {2011},
    journal = {Journal of Machine Learning Research},
    author = {Pedregosa, Fabian and Michel, Vincent and Grisel Oliviergrisel, Olivier and Blondel, Mathieu and Prettenhofer, Peter and Weiss, Ron and Vanderplas, Jake and Cournapeau, David and Pedregosa, Fabian and Varoquaux, Gaël and Gramfort, Alexandre and Thirion, Bertrand and Grisel, Olivier and Dubourg, Vincent and Passos, Alexandre and Brucher, Matthieu and Perrot, Matthieu and Duchesnay, Édouard and Duchesnay Eduarddochesnay, Frédouard},
    number = {85},
    pages = {2825--2830},
    volume = {12},
    url = {http://jmlr.org/papers/v12/pedregosa11a.html},
    issn = {1533-7928},
    keywords = {Python, model selection, supervised learning, unsupervised learning}
}

@article{Tibshirani2005SparsityLasso,
    title = {{Sparsity and Smoothness via the Fused Lasso}},
    year = {2005},
    journal = {Journal of the Royal Statistical Society. Series B (Statistical Methodology)},
    author = {Tibshirani, Robert and Saunders, Michael and Rosset, Saharon and Zhu, Ji and Knight, Keith},
    number = {1},
    pages = {91--108},
    volume = {67},
    url = {https://www.jstor.org/stable/3647602?seq=1&cid=pdf-}
}

@article{Makridakis2018StatisticalForward,
    title = {{Statistical and Machine Learning forecasting methods: Concerns and ways forward}},
    year = {2018},
    journal = {PLOS ONE},
    author = {Makridakis, Spyros and Spiliotis, Evangelos and Assimakopoulos, Vassilios},
    number = {3},
    month = {3},
    pages = {e0194889},
    volume = {13},
    publisher = {Public Library of Science},
    url = {https://journals.plos.org/plosone/article?id=10.1371/journal.pone.0194889},
    isbn = {1111111111},
    doi = {10.1371/JOURNAL.PONE.0194889},
    issn = {1932-6203},
    pmid = {29584784},
    keywords = {Algorithms, Artificial intelligence, Computing methods, Forecasting, Neural networks, Preprocessing, Statistical methods, Support vector machines}
}

@article{Zou2012TheProperties,
    title = {{The Adaptive Lasso and Its Oracle Properties}},
    year = {2012},
    journal = {Journal of the Americal Statistical Association},
    author = {Zou, Hui},
    number = {476},
    month = {12},
    pages = {1418--1429},
    volume = {101},
    publisher = {Taylor {\&} Francis},
    doi = {10.1198/016214506000000735},
    issn = {01621459},
    keywords = {Asymptotic normality, Lasso, Minimax, Oracle inequality, Oracle procedure, Variable selection}
}

@article{Zou2006TheProperties,
    title = {{The adaptive lasso and its oracle properties}},
    year = {2006},
    journal = {Journal of the American Statistical Association},
    author = {Zou, Hui},
    number = {476},
    month = {12},
    pages = {1418--1429},
    volume = {101},
    doi = {10.1198/016214506000000735},
    issn = {01621459},
    keywords = {Asymptotic normality, Lasso, Minimax, Oracle inequality, Oracle procedure, Variable selection}
}

@article{Bates1969TheForecasts,
    title = {{The Combination of Forecasts}},
    year = {1969},
    journal = {Operational Research Society},
    author = {Bates, J. M. and Granger, C. W. J.},
    number = {4},
    month = {12},
    pages = {451--468},
    volume = {20},
    url = {https://www.jstor.org/stable/3008764?origin=crossref},
    doi = {10.2307/3008764},
    issn = {14732858}
}

@article{Cramer2002TheRegression,
    title = {{The Origins of Logistic Regression}},
    year = {2002},
    journal = {Tinbergen Institute Discussion Papers},
    author = {Cramer, Jan},
    number = {4},
    month = {12},
    volume = {119},
    publisher = {Tinbergen Institute},
    url = {https://EconPapers.repec.org/RePEc:tin:wpaper:20020119},
    keywords = {History, Logistic Regression}
}

@article{Keiningham2007TheShare-of-wallet,
    title = {{The value of different customer satisfaction and loyalty metrics in predicting customer retention, recommendation, and share-of-wallet}},
    year = {2007},
    journal = {Managing Service Quality: An International Journal},
    author = {Keiningham, Timothy L. and Cooil, Bruce and Aksoy, Lerzan and Andreassen, Tor W. and Weiner, Jay},
    number = {4},
    month = {7},
    pages = {361--384},
    volume = {17},
    publisher = {Emerald Group Publishing Limited},
    doi = {10.1108/09604520710760526/FULL/PDF},
    issn = {09604529},
    keywords = {Customer loyalty, Customer retention, Customer satisfaction}
}

@book{Durbin2012TimeModels,
    title = {{Time Series Analysis by State Space Models}},
    year = {2012},
    author = {Durbin, James and Koopman, Siem Jan},
    edition = {2},
    volume = {},
    publisher = {Oxford University Press},
    url = {http://www.oup.co.uk/academic/science/maths/series/osss/},
    isbn = {9780199641178}
}

@article{Lim2021Time-seriesSurvey,
    title = {{Time-series forecasting with deep learning: a survey}},
    year = {2021},
    journal = {Philosophical Transactions of the Royal Society A: Mathematical, Physical and Engineering Sciences},
    author = {Lim, Bryan and Zohren, Stefan},
    number = {2194},
    month = {4},
    pages = {},
    volume = {379},
    publisher = {{\\\}The Royal Society Publishing{\\\}},
    url = {https://royalsocietypublishing.org/doi/10.1098/rsta.2020.0209},
    doi = {10.1098/rsta.2020.0209},
    issn = {1471-2962},
    keywords = {counterfactual prediction, deep neural networks, hybrid models, interpretability, time-series forecasting, uncertainty estimation}
}

@article{Bielen2007WaitingServices,
    title = {{Waiting time influence on the satisfaction-loyalty relationship in services}},
    year = {2007},
    journal = {Managing Service Quality},
    author = {Bielen, Frédéric and Demoulin, Nathalie},
    number = {2},
    pages = {174--193},
    volume = {17},
    publisher = {Emerald Group Publishing Limited},
    doi = {10.1108/09604520710735182/FULL/PDF},
    issn = {09604529},
    keywords = {Customer loyalty, Customer satisfaction, Service levels}
}

@article{Aldor-Noiman2009WorkloadStudy,
    title = {{Workload forecasting for a call center: Methodology and a case study}},
    year = {2009},
    journal = {Annals of Applied Statistics},
    author = {Aldor-Noiman, Sivan and Feigin, Paul D. and Mandelbaum, Avishai},
    number = {4},
    month = {12},
    pages = {1403--1447},
    volume = {3},
    doi = {10.1214/09-AOAS255},
    issn = {19326157},
    keywords = {Call centers, Exogenous variables, Forecasting arrival count, QED regime, Square-root staffing}
}

@article{DeVries2018WorthRevenue,
    title = {{Worth the wait? How restaurant waiting time influences customer behavior and revenue}},
    year = {2018},
    journal = {Journal of Operations Management},
    author = {De Vries, Jelle and Roy, Debjit and De Koster, René},
    number = {1},
    month = {11},
    pages = {59--78},
    volume = {63},
    publisher = {John Wiley {\&} Sons, Ltd},
    url = {https://onlinelibrary-wiley-com.vu-nl.idm.oclc.org/doi/full/10.1016/j.jom.2018.05.001 https://onlinelibrary-wiley-com.vu-nl.idm.oclc.org/doi/abs/10.1016/j.jom.2018.05.001 https://onlinelibrary-wiley-com.vu-nl.idm.oclc.org/doi/10.1016/j.jom.2018.05.001},
    doi = {10.1016/J.JOM.2018.05.001},
    issn = {1873-1317},
    keywords = {Customer behavior, Revenue, Simulation, Transaction data, Waiting time}
}

@article{Chen2016XGBoost:System,
    title = {{XGBoost: A Scalable Tree Boosting System}},
    year = {2016},
    author = {Chen, Tianqi and Guestrin, Carlos},
    month = {3},
    url = {http://arxiv.org/abs/1603.02754 http://dx.doi.org/10.1145/2939672.2939785},
    doi = {10.1145/2939672.2939785},
    arxivId = {1603.02754}
}

@article{Chen2016XGBoost:Systemb,
    title = {{XGBoost: A Scalable Tree Boosting System}},
    year = {2016},
    journal = {Association for Computing Machinery},
    author = {Chen, Tianqi and Guestrin, Carlos},
    pages = {785--794},
    publisher = {ACM},
    url = {http://dx.doi.org/10.1145/2939672.2939785},
    address = {New York, NY, USA},
    isbn = {9781450342322},
    doi = {10.1145/2939672},
    keywords = {Large-scale, Learning, Machine}
}